@misc{dqn,
      title={Playing Atari with Deep Reinforcement Learning}, 
      author={Volodymyr Mnih and Koray Kavukcuoglu and David Silver and Alex Graves and Ioannis Antonoglou and Daan Wierstra and Martin Riedmiller},
      year={2013},
      eprint={1312.5602},
      archivePrefix={arXiv},
      primaryClass={cs.LG}
}

@misc{doubledqn,
      title={Deep Reinforcement Learning with Double Q-learning}, 
      author={Hado van Hasselt and Arthur Guez and David Silver},
      year={2015},
      eprint={1509.06461},
      archivePrefix={arXiv},
      primaryClass={cs.LG}
}
